<collection xmlns='http://www.loc.gov/MARC21/slim' xmlns:xsi='http://www.w3.org/2001/XMLSchema-instance' xsi:schemaLocation='http://www.loc.gov/standards/marcxml/schema/MARC21slim.xsd'>
  <record xmlns="http://www.loc.gov/MARC21/slim">
    <leader>00000ctm a2200000Ia 4500</leader>
    <controlfield tag="001">on1101189594</controlfield>
    <controlfield tag="008">190515q16001699ii ap         000 0 per d</controlfield>
    <datafield tag="040" ind1=" " ind2=" ">
      <subfield code="a">PLF</subfield>
      <subfield code="b">eng</subfield>
      <subfield code="e">amremm</subfield>
      <subfield code="c">PLF</subfield>
      <subfield code="d">OCLCF</subfield>
    </datafield>
    <datafield tag="035" ind1=" " ind2=" ">
      <subfield code="a">(PLF)2455303</subfield>
    </datafield>
    <datafield tag="099" ind1=" " ind2=" ">
      <subfield code="a">Lewis O 44</subfield>
    </datafield>
    <datafield tag="049" ind1=" " ind2=" ">
      <subfield code="a">PLFF</subfield>
    </datafield>
    <datafield tag="100" ind1="1" ind2=" ">
      <subfield code="6">880-01</subfield>
      <subfield code="a">Muʻtamad Khān, Muḥammad Sharīf,</subfield>
      <subfield code="d">-1639 or 1640.</subfield>
    </datafield>
    <datafield tag="245" ind1="1" ind2="0">
      <subfield code="6">880-02</subfield>
      <subfield code="a">[Iqbālnāmah-ʼi Jahāngīrī].</subfield>
    </datafield>
    <datafield tag="246" ind1="1" ind2=" ">
      <subfield code="i">Title on spine:</subfield>
      <subfield code="a">Akbur Nammeh</subfield>
    </datafield>
    <datafield tag="260" ind1=" " ind2=" ">
      <subfield code="a">[India?],</subfield>
      <subfield code="c">[16--?]</subfield>
    </datafield>
    <datafield tag="300" ind1=" " ind2=" ">
      <subfield code="a">276 leaves :</subfield>
      <subfield code="b">paper, illustrations, illuminations ;</subfield>
      <subfield code="c">365 x 202 (275 x 131) mm bound to 375 x 235 mm.</subfield>
    </datafield>
    <datafield tag="500" ind1=" " ind2=" ">
      <subfield code="a">Ms. codex.</subfield>
    </datafield>
    <datafield tag="520" ind1=" " ind2=" ">
      <subfield code="a">Second volume of the history of Jahangir and his predecessors, containing a history of Emperor Akbar. This volume begins with the ascension of Akbar and continues through the 45th year of his reign. 54 illustrations; partially rubricated.</subfield>
    </datafield>
    <datafield tag="546" ind1=" " ind2=" ">
      <subfield code="a">Persian.</subfield>
    </datafield>
    <datafield tag="500" ind1=" " ind2=" ">
      <subfield code="a">Title supplied by cataloger.</subfield>
    </datafield>
    <datafield tag="510" ind1="4" ind2=" ">
      <subfield code="a">Simsar, Muhammed Ahmed. Oriental manuscripts of the John Frederick Lewis Collection,</subfield>
      <subfield code="c">44.</subfield>
    </datafield>
    <datafield tag="500" ind1=" " ind2=" ">
      <subfield code="a">Foliation: Modern foliation added in pencil, upper left recto; catchwords every verso, lower left.</subfield>
    </datafield>
    <datafield tag="500" ind1=" " ind2=" ">
      <subfield code="a">Layout: 21 long lines; border-ruled.</subfield>
    </datafield>
    <datafield tag="500" ind1=" " ind2=" ">
      <subfield code="a">Script: Written in nastaʻlīq in black ink; pointed.</subfield>
    </datafield>
    <datafield tag="500" ind1=" " ind2=" ">
      <subfield code="a">Decoration: Illuminated headpiece in blue and gold (f. 1v); numerous illustrations in bright colors, mostly full-page size, some oriented along the fore-edge (f. 2v, 4v, 10v, 18r, 18v, 22r, 31v, 36v, 39v, 45v, 48v, 59r, 69r, 76v, 77r, 78v, 87r, 90v, 94r, 95v, 98v-99r, 102r, 104v, 114v, 116r, 120v, 126r, 129r, 139r, 143v, 150r, 159r, 167r, 171r, 178r, 181v, 186r, 187r, 189r, 193v, 203r, 210v, 214v, 234v, 237v, 238r, 250v, 255v, 262r, 267r, 274r), numerous floral text division bands of gold and colors in a variety of patterns that do not repeat. Rubrications in red and gold.</subfield>
    </datafield>
    <datafield tag="500" ind1=" " ind2=" ">
      <subfield code="a">Binding: Bound in illustrated lacquered covers with a black, leather spine. On the outside covers, a group plays music and two people dance in front of two seated men and their attendants; the image is framed by panels holding verses. On the inside covers, a large yellow flower on a red field</subfield>
    </datafield>
    <datafield tag="500" ind1=" " ind2=" ">
      <subfield code="a">Origin: The item is undated and the scribe is not named; likely copied in India, perhaps in the 17th century.</subfield>
    </datafield>
    <datafield tag="500" ind1=" " ind2=" ">
      <subfield code="a">Two seals which may indicate ownership. The smaller seal has the name Raʻnā Khān and the larger, with the name ʻAlī Amjad Khān, is dated to the year 8 of the reign of Muḥammad Shāh (1727) (f. 1r).</subfield>
    </datafield>
    <datafield tag="561" ind1="1" ind2=" ">
      <subfield code="a">Formerly owned by Robert Hoe (bookplate on back endpaper verso).</subfield>
    </datafield>
    <datafield tag="561" ind1="1" ind2=" ">
      <subfield code="a">Sold at the Robert Hoe sale (Part II) Anderson Auction Company (New York), 16 January 1912, lot 2419 (notes in pencil, first and second to last flyleaves).</subfield>
    </datafield>
    <datafield tag="561" ind1="1" ind2=" ">
      <subfield code="a">Catalog entry from Carolyn Shipman, "A catalogue of manuscripts forming a portion of the library of Robert Hoe" (New York, 1909), p. 207-208 is pasted onto the second to last flyleaf verso.</subfield>
    </datafield>
    <datafield tag="561" ind1="1" ind2=" ">
      <subfield code="a">Formerly owned by John Frederick Lewis (bookplate second to last flyleaf verso).</subfield>
    </datafield>
    <datafield tag="581" ind1=" " ind2=" ">
      <subfield code="a">The Grolier Club, New York, Catalogue of an Exhibition of Illuminated and Painted Manuscripts Together with a Few Early Printed Books with Illuminations - Also Some Examples of Persian Manuscripts - with Plates in Facsimile and an Introductory Essay, exh. cat. (New York: The Grolier Club, 1892), p. 48.</subfield>
    </datafield>
    <datafield tag="600" ind1="0" ind2="0">
      <subfield code="a">Akbar,</subfield>
      <subfield code="c">Emperor of Hindustan,</subfield>
      <subfield code="d">1542-1605.</subfield>
    </datafield>
    <datafield tag="651" ind1=" " ind2="0">
      <subfield code="a">Mogul Empire</subfield>
      <subfield code="x">Kings and rulers</subfield>
      <subfield code="v">Biography</subfield>
      <subfield code="v">Early works to 1800.</subfield>
    </datafield>
    <datafield tag="651" ind1=" " ind2="0">
      <subfield code="a">Mogul Empire</subfield>
      <subfield code="x">History</subfield>
      <subfield code="v">Early works to 1800.</subfield>
    </datafield>
    <datafield tag="651" ind1=" " ind2="0">
      <subfield code="a">India</subfield>
      <subfield code="x">History</subfield>
      <subfield code="y">1526-1765</subfield>
      <subfield code="v">Early works to 1800.</subfield>
    </datafield>
    <datafield tag="650" ind1=" " ind2="0">
      <subfield code="a">Manuscripts, Persian</subfield>
      <subfield code="y">17th century.</subfield>
    </datafield>
    <datafield tag="650" ind1=" " ind2="0">
      <subfield code="a">Manuscripts, Oriental</subfield>
      <subfield code="y">17th century.</subfield>
    </datafield>
    <datafield tag="600" ind1="0" ind2="7">
      <subfield code="a">Akbar,</subfield>
      <subfield code="c">Emperor of Hindustan,</subfield>
      <subfield code="d">1542-1605.</subfield>
      <subfield code="2">fast</subfield>
      <subfield code="0">(OCoLC)fst00048423</subfield>
    </datafield>
    <datafield tag="650" ind1=" " ind2="7">
      <subfield code="a">Kings and rulers.</subfield>
      <subfield code="2">fast</subfield>
      <subfield code="0">(OCoLC)fst00987694</subfield>
    </datafield>
    <datafield tag="650" ind1=" " ind2="7">
      <subfield code="a">Manuscripts, Oriental.</subfield>
      <subfield code="2">fast</subfield>
      <subfield code="0">(OCoLC)fst01008453</subfield>
    </datafield>
    <datafield tag="650" ind1=" " ind2="7">
      <subfield code="a">Manuscripts, Persian.</subfield>
      <subfield code="2">fast</subfield>
      <subfield code="0">(OCoLC)fst01008462</subfield>
    </datafield>
    <datafield tag="651" ind1=" " ind2="7">
      <subfield code="a">India.</subfield>
      <subfield code="2">fast</subfield>
      <subfield code="0">(OCoLC)fst01210276</subfield>
    </datafield>
    <datafield tag="651" ind1=" " ind2="7">
      <subfield code="a">India</subfield>
      <subfield code="z">Mogul Empire.</subfield>
      <subfield code="2">fast</subfield>
      <subfield code="0">(OCoLC)fst01240293</subfield>
    </datafield>
    <datafield tag="648" ind1=" " ind2="7">
      <subfield code="a">1526-1765</subfield>
      <subfield code="2">fast</subfield>
    </datafield>
    <datafield tag="655" ind1=" " ind2="7">
      <subfield code="a">Codices (bound manuscripts)</subfield>
      <subfield code="2">aat</subfield>
    </datafield>
    <datafield tag="655" ind1=" " ind2="7">
      <subfield code="a">Illuminations (painting)</subfield>
      <subfield code="2">aat</subfield>
    </datafield>
    <datafield tag="655" ind1=" " ind2="7">
      <subfield code="a">Manuscripts (documents)</subfield>
      <subfield code="2">aat</subfield>
    </datafield>
    <datafield tag="655" ind1=" " ind2="7">
      <subfield code="a">Miniatures (paintings)</subfield>
      <subfield code="2">aat</subfield>
    </datafield>
    <datafield tag="655" ind1=" " ind2="7">
      <subfield code="a">Biography.</subfield>
      <subfield code="2">fast</subfield>
      <subfield code="0">(OCoLC)fst01423686</subfield>
    </datafield>
    <datafield tag="655" ind1=" " ind2="7">
      <subfield code="a">Early works.</subfield>
      <subfield code="2">fast</subfield>
      <subfield code="0">(OCoLC)fst01411636</subfield>
    </datafield>
    <datafield tag="655" ind1=" " ind2="7">
      <subfield code="a">History.</subfield>
      <subfield code="2">fast</subfield>
      <subfield code="0">(OCoLC)fst01411628</subfield>
    </datafield>
    <datafield tag="655" ind1=" " ind2="7">
      <subfield code="a">Lacquered bindings (Binding)</subfield>
      <subfield code="2">rbbin</subfield>
    </datafield>
    <datafield tag="655" ind1=" " ind2="7">
      <subfield code="a">Stamps (Provenance)</subfield>
      <subfield code="2">rbprov</subfield>
    </datafield>
    <datafield tag="700" ind1="0" ind2=" ">
      <subfield code="6">880-03</subfield>
      <subfield code="a">Raʻnā Khān,</subfield>
      <subfield code="e">associated name.</subfield>
    </datafield>
    <datafield tag="700" ind1="0" ind2=" ">
      <subfield code="6">880-04</subfield>
      <subfield code="a">ʻAlī Amjad Khān,</subfield>
      <subfield code="d">active 1727,</subfield>
      <subfield code="e">associated name.</subfield>
    </datafield>
    <datafield tag="700" ind1="1" ind2=" ">
      <subfield code="a">Hoe, Robert,</subfield>
      <subfield code="d">1839-1909,</subfield>
      <subfield code="e">former owner.</subfield>
    </datafield>
    <datafield tag="700" ind1="1" ind2=" ">
      <subfield code="a">Lewis, John Frederick,</subfield>
      <subfield code="d">1860-1932,</subfield>
      <subfield code="e">former owner.</subfield>
    </datafield>
    <datafield tag="700" ind1="1" ind2=" ">
      <subfield code="a">Lewis, Anne Baker,</subfield>
      <subfield code="d">1868-1937,</subfield>
      <subfield code="e">donor.</subfield>
    </datafield>
    <datafield tag="710" ind1="2" ind2=" ">
      <subfield code="a">Free Library of Philadelphia.</subfield>
      <subfield code="b">Rare Book Department.</subfield>
      <subfield code="b">John Frederick Lewis Collection of Oriental Manuscripts.</subfield>
    </datafield>
    <datafield tag="710" ind1="2" ind2=" ">
      <subfield code="a">Anderson Auction Company,</subfield>
      <subfield code="e">auctioneer.</subfield>
    </datafield>
    <datafield tag="740" ind1="0" ind2="2">
      <subfield code="6">880-05</subfield>
      <subfield code="a">Iqbālʹnāmah-ʼi Jahāngīrī.</subfield>
    </datafield>
    <datafield tag="740" ind1="0" ind2="2">
      <subfield code="6">880-06</subfield>
      <subfield code="a">Akbarʹnāmah.</subfield>
    </datafield>
    <datafield tag="852" ind1=" " ind2=" ">
      <subfield code="b">Rare Book Department</subfield>
      <subfield code="a">Free Library of Philadelphia</subfield>
      <subfield code="e">Philadelphia</subfield>
      <subfield code="u">https://know.freelibrary.org/Record/2455303</subfield>
    </datafield>
    <datafield tag="955" ind1=" " ind2=" ">
      <subfield code="a">Gift of Anne Baker Lewis in 1933.</subfield>
    </datafield>
    <datafield tag="880" ind1="0" ind2=" ">
      <subfield code="6">100-01/(3/r</subfield>
      <subfield code="a">معتمد خان، محمد شريف،</subfield>
      <subfield code="d">-1639 يا 1640</subfield>
    </datafield>
    <datafield tag="880" ind1="1" ind2="0">
      <subfield code="6">245-02/(3/r</subfield>
      <subfield code="a">[اقبالنامۀ جهانگيرى].</subfield>
    </datafield>
    <datafield tag="880" ind1="0" ind2=" ">
      <subfield code="6">700-03/(3/r</subfield>
      <subfield code="a">رعنا خان.</subfield>
    </datafield>
    <datafield tag="880" ind1="0" ind2=" ">
      <subfield code="6">700-04/(3/r</subfield>
      <subfield code="a">على امجد خان،</subfield>
      <subfield code="d">active 1727.</subfield>
    </datafield>
    <datafield tag="880" ind1="0" ind2="2">
      <subfield code="6">740-05/(3/r</subfield>
      <subfield code="a">اقبال‌نامۀ جهانگيرى.</subfield>
    </datafield>
    <datafield tag="880" ind1="0" ind2="2">
      <subfield code="6">740-06/(3/r</subfield>
      <subfield code="a">اکبر‌نامه.</subfield>
    </datafield>
    <datafield tag="066" ind1=" " ind2=" ">
      <subfield code="c">(3</subfield>
      <subfield code="c">(4</subfield>
    </datafield>
  </record></collection>